%%% Time Domain %%%

@article{imp:Dumin1996,
author		= "Dumin, O. and Tretyakov, O.",
title		= "Radiation of arbitrary signals by plane disk",
journal		= "6th International Conference on Mathematical Methods in 
				Electromagnetic Theory",
volume		= 1,
year		= 1996,
pages		= "403–-418",
language	= "english"
}

@article{imp:Dumin2010,
author		= "Dumin, O.M.  and Dumina, O.O. and Katrich, V.A.",
title		= "Evolution of Transient Electromagnetic Fields in 
				Radially Inhomogeneous Nonstationary Medium",
journal		= "Progress In Electromagnetics Research, PIER",
volume		= 1,
year		= 2010,
pages		= "403–-418",
language	= "english"
}

@article{imp:Butrym2010,
author		= "Legenkiy, M.N. and Butrym, A.Y.",
title		= "Method of Mode Matching in Time Domain",
journal		= "Progress In Electromagnetics Research, PIER",
volume		= 22,
year		= 2010,
pages		= "257–-283",
language	= "english"
}

@article{imp:Tretyakov2010,
author		= "Tretyakov, O. and Akgun, O.",
title		= "Derivation of klein-gordon equation from Maxwell's equations and 
				study of relativistic time-domain waveguide modes",
journal		= "Progress In Electromagnetics Research, PIER",
volume		= 105,
year		= 2010,
pages		= "171--191",
language	= "english"
}

@book{imp:Kharkevich1950,
author		= "Харкевич, А.А.",
title		= "Неустановившиеся волновие явления",
publisher	= "Госедарственное издательство технико-технической литературы",
address		= "Москва",
year		= 1950,
numpages	= 205,
language	= "russian"
}

@book{imp:Schantz2005,
author		= "Hans Schantz",
title		= "The art and science of ultrawideband antenna",
publisher	= "Artech House",
address		= "Norwood",
year		= 2005,
numpages	= 319,
language	= "english"
}

% TODO: Guy2013-1 Guy2013-2 Utkin2011 Kochetov2008-1
% TODO: Kochetov2008  Kochetov2010 Kochetov2012 Kochetov2013 Kochetov2014
% TODO: Butrym2010-1 Geyi2006

%%% Bessel Function %%%

@book{imp:ElementFunc1983,
author		= "Прудников, А.П. and Бычков, Ю.А. and Маричев, И.О.",
title		= "Интегралы и рады: Элементарные функции",
publisher	= "Наука",
address		= "Москва",
year		= 1981,
numpages	= 800,
language	= "russian"
}

@book{imp:SpecFunc1983,
author		= "Прудников, А.П. and Бычков, Ю.А. and Маричев, И.О.",
title		= "Интегралы и рады: Специальные функции",
publisher	= "Наука",
address		= "Москва",
year		= 1983,
numpages	= 749,
language	= "russian"
}

@book{imp:Watson1922,
author		= "Watson, G.N.",
title		= "Theory of Bessel Functions",
publisher	= "Cambridge University Press",
address		= "London",
year		= 1922,
numpages	= 812,
language	= "english"
}

@article{imp:Golubovic2013,
author		= "Golubovic, R. and Polimeridis, A. and Mosig, J.",
title		= "The Weighted Averages Method for Semi-Infinite
				Range Integrals Involving Products of Bessel Functions",
publisher	= "IEEE TRANSACTIONS ON ANTENNAS AND PROPAGATION",
volume		= 61,
year		= 2013,
pages		= "5589--5596",
language	= "english"
}

@book{imp:GradshtejnInt,
author		= "Градштейн, И.С. and Рыжик, И.М.",
title		= "Таблицы интегралов, сумм, рядов и произведений",
publisher	= "Государственное издательство физико-математической литературы",
address		= "Москва",
year		= 1963,
numpages	= 749,
language	= "russian"
}

% TODO: Mosig2012

%%% Nonlinear %%%

% TODO: Greenwood2014 Joseph1997

%%% Clasics %%%

@book{imp:LandauII,
author		= "Ландау, Л.Д. and Лифшиц, Е.М.",
title		= "Теоретическая физика: Том II. Теория поля",
publisher	= "Физматлит",
address		= "Москва",
year		= 2012,
numpages	= 536,
language	= "russian"
}

@article{imp:Maxwell1865,
author		= "Maxwell, J.",
title		= "A Dynamical Theory of the Electromagnetic Field",
journal		= "Philosophical Transactions of the Royal Society of London",
volume		= 155,
year		= 1865,
pages		= "459--512",
language	= "english"
}

%%% Lommel's Function %%% 

@book{imp:Borisov1991,
author		= "Борисов, В.В.",
title		= "Неустоявшиеся поля в волноводах",
publisher	= "Издательство ленинградского университета",
address		= "Ленинград",
year		= 1991,
numpages	= 156,
language	= "russian"
}

@article{imp:Boersma1961,
author		= "Boersma, J.",
title		= "On the Computation of Lommel's Functions of Two Variables",
publisher	= "Mathematics of Computation",
volume		= 16,
year		= 1961,
pages		= "232--238",
language	= "english"
}

%%% Numerical Methods %%%

@book{imp:PDE2006,
author		= "Yair Shapira",
title		= "Solving PDEs in C++",
publisher	= "Society for Industrial and Applied Mathematics",
address		= "Philadelphia",
year		= 2006,
numpages	= 524,
language	= "english"
}
