%%% Papers %%%

@INCOLLECTION{my:Vesnik2015,
author		= "Dumin, O.M. and Tretyakov,  O.A. 
				and Akhmedov, R.D. and Dumina, O.O.",
title		= " Evolutionary Approach for the Problem of 
 				Electromagnetic Fiead Propagation Through Nonlinear Medium",
booktitle	= "Фрактальний аналіз та суміжні питання",
publisher	= "Вісник Харківського національного університету імені 
 				В.Н. Каразіна, Серія ”Радіофізика та електроніка”, 
 				No883, випуск 17",
address	= "Харків",
year		= 2015,
number		= 2, 
pages		= "5--7",
language	= "english"
}

%%% Thesis %%%

@INPROCEEDINGS{my:MMET2014,
author		= "Dumin, O.M. and Katrich, V.A. and Akhmedov, R.D. and
				Tretyakov, O.A. and Dumina, O.O.",
title		= "Evolutionary Approach for the Problems of Transient 
				Electromagnetic Field Propagation in Nonlinear Medium",
booktitle	= "MMET 2014, Dnipropetrovsk, 
				TODO DATE 2014",
address		= "Dnipropetrovsk",
year		= 2014,
pages		= 26,
language	= "english"
}

@INPROCEEDINGS{my:ICATT2015,
author		= "Dumin, O.M. and Tretyakov, O.A. and 
				Akhmedov R.D. and Dumina, O.O.",
title		= "Transient Electromagnetic Field Propagation 
				through Nonlinear Medium in time domain",
booktitle	= "International Conference on Antenna Theory and Techniques",
address		= "Kharkiv",
year		= 2015,
pages		= 3,
language	= "english"
}

@INPROCEEDINGS{my:UWBUSIS2016,
author		= "Dumin, O.M. and Akhmedov, R.D. and Dumina, O.O.",
title		= "Propagation of Transient Field Radiated from 
				Plane Disk in Nonlinear Medium",
booktitle	= "Ultrawideband and Ultrashort Impulse Signals, 
				5--11 September 2016",
address		= "Odessa",
year		= 2016,
pages		= 26,
language	= "english"
}

@INPROCEEDINGS{my:KPI2016,
author		= "Dumin, O. and Akhmedov, R. and Dumina, O.",
title		= "Transient Field Radiation of 
				Plane Disk into Nonlinear Medium",
booktitle	= "RadioElectronics and InfoCommunications, 
				11--16 September 2016",
address	= "Kiyv",
year		= 2016,
pages		= 26,
language	= "english"
}
